@misc{ monz-university,
  author = "C. Monz and M. de Rijke",
  title = "University of Amsterdam at CLEF",
  text = "C. Monz and M. de Rijke. University of Amsterdam at CLEF",
  url = "citeseer.ist.psu.edu/monz02university.html" }

@inproceedings{ krovetz93viewing,
    author = "Krovetz, R.",
    title = "{V}iewing {M}orphology as an {I}nference {P}rocess,",
    booktitle = "Proceedings of the Sixteenth Annual International {ACM} {SIGIR} Conference on Research and Development in Information Retrieval",
    pages = "191-203",
    year = "1993",
    url = "citeseer.ist.psu.edu/krovetz93viewing.html" }

@inproceedings{ ponte98language,
    author = "Jay M. Ponte and W. Bruce Croft",
    title = "A Language Modeling Approach to Information Retrieval",
    booktitle = "Research and Development in Information Retrieval",
    pages = "275-281",
    year = "1998",
    url = "citeseer.ist.psu.edu/ponte98language.html"} 

@inproceedings{ miller99hidden,
    author = "David R. Miller and Tim Leek and Richard M. Schwartz",
    title = "A hidden {M}arkov model information retrieval system",
    booktitle = "Proceedings of {SIGIR}-99, 22nd {ACM} International Conference on Research and Development in Information Retrieval",
    address = "Berkeley, US",
    pages = "214--221",
    year = "1999",
    url = "citeseer.ist.psu.edu/miller99hidden.html" }

@inproceedings{ zhai01study,
    author = "Chengxiang Zhai and John Lafferty",
    title = "A Study of Smoothing Methods for Language Models Applied to Ad Hoc Information Retrieval",
    booktitle = "Research and Development in Information Retrieval",
    pages = "334-342",
    year = "2001",
    url = "citeseer.ist.psu.edu/zhai01study.html" }