@ARTICLE{boutellEtAl_2004
,AUTHOR="Matthew Boutell and Xipeng Shen and Jiebo Luo and Christopher Brown"
,TITLE="Learning multi-label semantic scene classification"
,JOURNAL="Pattern Recognition"
,VOLUME="37"
,NUMBER="9"
,PAGES="1757-1771"
,YEAR="2004"
}

@ARTICLE{cohen60
        ,AUTHOR = "Jacob Cohen"
        ,TITLE = "A Coeffiecient of Agreement for Nominal Scales"
        ,JOURNAL="Educational and Psychological Measurement"
        ,VOLUME="20"
        ,PAGES="37-46"
        ,YEAR="1960"
}

@BOOK{dowty79
       ,AUTHOR="David Dowty"
       ,TITLE="Word Meaning and Montague Grammar"
        ,PUBLISHER="D. Reidel"
        ,ADDRESS="Dordrecht"
        ,YEAR="1979"
}

@INPROCEEDINGS{erk09
,AUTHOR="Katrin Erk"
,TITLE="Representing words as regions in vector space"
,BOOKTITLE="CoNLL '09: Proceedings of the Thirteenth Conference on Computational Natural Language Learning"
,PAGES="57-65"
,YEAR="2009"
,PUBLISHER="Association for Computational Linguistics"
}

@ARTICLE{fillmoreEtAl03
,AUTHOR="Charles J. Fillmore and Christopher R. Johnson and Miriam R. L. Petruck"
,YEAR="2003"
,TITLE="Background to {F}rame{N}et"
,JOURNAL="International Journal of Lexicography"
,VOLUME="16"
,NUMBER="3"
,PAGES="235-250"
}

@INPROCEEDINGS{ghamraw&mccallum_CIKM2005
,AUTHOR = "Ghamrawi, Nadia and McCallum, Andrew"
,TITLE = "Collective multi-label classification"
,BOOKTITLE = "Proceedings of the 14th ACM international conference on Informatio and knowledge management"
,SERIES = "CIKM '05"
,YEAR = "2005"
,LOCATION = "Bremen, Germany"
,PAGES = "195-200"
,PUBLISHER = "ACM"
,ADDRESS = "New York, NY, USA"
} 

@INPROCEEDINGS{ideEtAl10
,AUTHOR="Nancy Ide and Collin Baker and Christiane Fellbaum and Rebecca J. Passonneau"
,BOOKTITLE="Proceedings of the Association for Computational Linguistics"
,TITLE="The Manually Annotated Sub-Corpus: A Community resource for and by the people"
,YEAR="July 11-16"
,PAGES="68--73"
}

@ARTICLE{kilgarriff97
,AUTHOR="Adam Kilgarriff"
,TITLE="I don't believe in word senses"
,JOURNAL="Computers and the Humanities"
,VOLUME="31"
,PAGES="91-113"
,YEAR="1997"
}

@ARTICLE{klein&murphy_2002
,AUTHOR="Klein, D. E., & Murphy, G. L"
,YEAR="2002"
,TITLE="Paper has been my ruin: Conceptual relations of polysemous senses"
,JOURNAL="Journal of Memory and Language"
,VOLUME="47"
,PAGES="548-570"
}

@BOOK{krippendorff80
,AUTHOR="Klaus Krippendorff"
,YEAR="1980"
,TITLE="Content analysis: {A}n introduction to its methodology"
,ADDRESS="Beverly Hills, CA"
,PUBLISHER="Sage Publications"
}

@INPROCEEDINGS{mccallum_1999
,AUTHOR = "Andrew K. McCallum"
,TITLE = "Multi-label text classification with a mixture model trained by EM"
,BOOKTITLE = " AAAI 99 Workshop on Text Learning"
,YEAR = "1999"
}

@TECHREPORT{millerEtAl93
,AUTHOR="George A. Miller and Richard Beckwith and Christiane Fellbaum and Derek Gross and Katherine Miller"
,TITLE="Introduction to {W}ord{N}et: An on-line lexical database (Revised)"
,YEAR="1993"
,NUMBER="Cognitive Science Laboratory (CSL) Report 43"
,INSTITUTION="Princeton University"
,NOTE="Revised March 1993"
,ADDRESS="Princeton"
}

@MISC{passonneauEtAl12
,AUTHOR="Rebecca J. Passonneau and Collin Baker and Christiane Fellbaum and Nancy Ide"
,TITLE="The MASC Word Sense Sentence Corpusxo"
,NOTE="Submitted"
,YEAR="2011"
}

@ARTICLE{pylkkanenEtAl_2006
,AUTHOR="Pylkk√§nen, L., Llinas, R., & Murphy, G. L. (2006). The representation of polysemy: MEG evidence"
,JOURNAL="Journal of Cognitive Neuroscience"
,VOLUME="18"
,PAGES="97-109"
,YEAR="2006"
}

@INPROCEEDINGS{shengEtAl_2008
,AUTHOR = "Sheng, Victor S. and Provost, Foster and Ipeirotis, Panagiotis G."
,TITLE = "Get another label? improving data quality and data mining using multiple noisy labelers"
,BOOKTITLE = "Proceeding of the 14th ACM SIGKDD international conference on Knowledge discovery and data mining"
,SERIES = "KDD '08"
,YEAR = "2008"
,LOCATION = "Las Vegas, Nevada, USA"
,PAGES = "614--622"
,PUBLISHER = "ACM"
,ADDRESS = "New York, NY, USA"
} 

@INPROCEEDINGS{snowEtAl08
,AUTHOR="Rion Snow and Brendan O'Connor and Daniel Jurafsky and Andrew Y. Ng"
,TITLE="Cheap and Fast - But is it Good? Evaluating Non-Expert Annotations for Natural Language Tasks." 
,BOOKTITLE="Proceedings of Empirical Methods in Natural Language Processing (EMNLP)"
,YEAR="2008"
,PAGES="254-263"
,ADDRESS="Honolulu"
}

@ARTICLE{tsoumakas&katakis_2007
,AUTHOR="Grigorios Tsoumakas and Ioannis Katakis"
,TITLE="Multi-label classification: an overview"
,JOURNAL="International Journal of Data Warehousing and Mining"
,VOLUME="3"
,NUMBER="3"
,PAGES="1-13"
,YEAR="2007"
}

@INCOLLECTION{whitehillEtAl-2009
,TITLE = "Whose Vote Should Count More: Optimal Integration of Labels from Labelers of Unknown Expertise"
,AUTHOR = "Jacob Whitehill and Paul Ruvolo and Ting-fan Wu and Jacob Bergsma and Javier Movellan"
,BOOKTITLE = "Advances in Neural Information Processing Systems 22"
,EDITOR = "Y. Bengio and D. Schuurmans and J. Lafferty and C. K. I. Williams and A. Culotta"
,PAGES = "2035-2043"
,PUBLISHER = "MIT Press"
,YEAR = "200"
}

@comment{
hearst faceted hierarchies

,EDITOR="Paula Schwanenflugel"
,TITLE="The Psychology of Word Meanings"
,PUBLISHER="Lawrence Erlbaum Associates, Publishers"
,ADDRESS="Hillsdale, New Jersey"
,YEAR="1991"
	
Barbara C. Malt, Word Meaning and Word Use, Gregory L. Murphy, Meaning and Concepts;
Paula J. Schwanenflugel, Benjamin G. Blount, and Pei-Jung Lin, Cross-Cultural Aspects of Word Meanings;
James Hampton, The Combination of Prototype Concepts;
Edward J. Shoben, Predicating and Nonpredicating Combinations;
Margaret G. McKeown, Learning Word Meanings from Definitions: Problems and Potential;
Steven A. Stahl, Beyond the Instrumentalist Hypothesis: Some Relationships Between Word Meanings and Comprehension;
David A. Balota, F. Richard Ferraro, and Lisa T. Connor, On the Early Influence of Meaning in Word Recognition: A Review of the Literature 
Paula J. Schwanenflugel, Why are Abstract Concepts Hard to Understand? 
Christine Chiarello, Interpretation of Word Meanings by the Cerebral Hemispheres: One is Not Enough 
}
